
@ARTICLE{2018arXiv180504388M,
   author = {{Malyshev}, D. and {Neronov}, A. and {Semikoz}, D. and {Santangelo}, A. and 
	{Jochum}, J.},
    title = "{Improved limit on axion-like particles from gamma-ray data on Perseus cluster}",
  journal = {ArXiv e-prints},
archivePrefix = "arXiv",
   eprint = {1805.04388},
 primaryClass = "astro-ph.HE",
 keywords = {Astrophysics - High Energy Astrophysical Phenomena, High Energy Physics - Phenomenology},
     year = 2018,
    month = may,
   adsurl = {http://adsabs.harvard.edu/abs/2018arXiv180504388M},
  adsnote = {Provided by the SAO/NASA Astrophysics Data System}
}

@ARTICLE{2018arXiv180407460Z,
   author = {{Zdziarski}, A.~A. and {Malyshev}, D. and {Dubus}, G. and {Pooley}, G.~G. and 
	{Johnson}, T. and {de Marco}, B. and {Frankowski}, A. and {Chernyakova}, M. and 
	{Rao}, A.~R.},
    title = "{A comprehensive study of high-energy gamma-ray and radio emission from Cyg X-3}",
  journal = {ArXiv e-prints},
archivePrefix = "arXiv",
   eprint = {1804.07460},
 primaryClass = "astro-ph.HE",
 keywords = {Astrophysics - High Energy Astrophysical Phenomena},
     year = 2018,
    month = apr,
   adsurl = {http://adsabs.harvard.edu/abs/2018arXiv180407460Z},
  adsnote = {Provided by the SAO/NASA Astrophysics Data System}
}


@ARTICLE{2017arXiv171105001M,
   author = {{Malyshev}, D. and {Chernyakova}, M. and {Santangelo}, A. and 
	{P{\"u}hlhofer}, G.},
    title = "{Decade-long X-ray observations of HESS J0632+057}",
  journal = {ArXiv e-prints},
archivePrefix = "arXiv",
   eprint = {1711.05001},
 primaryClass = "astro-ph.HE",
 keywords = {Astrophysics - High Energy Astrophysical Phenomena},
     year = 2017,
    month = nov,
   adsurl = {http://adsabs.harvard.edu/abs/2017arXiv171105001M},
  adsnote = {Provided by the SAO/NASA Astrophysics Data System}
}

@ARTICLE{2017MNRAS.470.1718C,
   author = {{Chernyakova}, M. and {Babyk}, I. and {Malyshev}, D. and {Vovk}, I. and 
	{Tsygankov}, S. and {Takahashi}, H. and {Fukazawa}, Y.},
    title = "{Study of orbital and superorbital variability of LSI +61 303 with X-ray data}",
  journal = {\mnras},
archivePrefix = "arXiv",
   eprint = {1705.09343},
 primaryClass = "astro-ph.HE",
 keywords = {X-rays: binaries, X-rays: individual: LSI +61 303},
     year = 2017,
    month = sep,
   volume = 470,
    pages = {1718-1728},
      doi = {10.1093/mnras/stx1335},
   adsurl = {http://adsabs.harvard.edu/abs/2017MNRAS.470.1718C},
  adsnote = {Provided by the SAO/NASA Astrophysics Data System}
}

@ARTICLE{2017A&A...606A..22N,
   author = {{Neronov}, A. and {Malyshev}, D. and {Semikoz}, D.~V.},
    title = "{Cosmic-ray spectrum in the local Galaxy}",
  journal = {\aap},
archivePrefix = "arXiv",
   eprint = {1705.02200},
 primaryClass = "astro-ph.HE",
 keywords = {ISM: clouds, cosmic rays, local insterstellar matter, gamma rays: ISM},
     year = 2017,
    month = sep,
   volume = 606,
      eid = {A22},
    pages = {A22},
      doi = {10.1051/0004-6361/201731149},
   adsurl = {http://adsabs.harvard.edu/abs/2017A%26A...606A..22N},
  adsnote = {Provided by the SAO/NASA Astrophysics Data System}
}

@ARTICLE{2017MNRAS.471.3657Z,
   author = {{Zdziarski}, A.~A. and {Malyshev}, D. and {Chernyakova}, M. and 
	{Pooley}, G.~G.},
    title = "{High-energy gamma-rays from Cyg X-1}",
  journal = {\mnras},
archivePrefix = "arXiv",
   eprint = {1607.05059},
 primaryClass = "astro-ph.HE",
 keywords = {acceleration of particles, stars: individual: Cyg X-1, gamma-rays: general, gamma-rays: stars, X-rays: binaries},
     year = 2017,
    month = nov,
   volume = 471,
    pages = {3657-3667},
      doi = {10.1093/mnras/stx1846},
   adsurl = {http://adsabs.harvard.edu/abs/2017MNRAS.471.3657Z},
  adsnote = {Provided by the SAO/NASA Astrophysics Data System}
}

@ARTICLE{2016PhRvD..94l3504N,
   author = {{Neronov}, A. and {Malyshev}, D. and {Eckert}, D.},
    title = "{Decaying dark matter search with NuSTAR deep sky observations}",
  journal = {\prd},
archivePrefix = "arXiv",
   eprint = {1607.07328},
 primaryClass = "astro-ph.HE",
     year = 2016,
    month = dec,
   volume = 94,
   number = 12,
      eid = {123504},
    pages = {123504},
      doi = {10.1103/PhysRevD.94.123504},
   adsurl = {http://adsabs.harvard.edu/abs/2016PhRvD..94l3504N},
  adsnote = {Provided by the SAO/NASA Astrophysics Data System}
}


@ARTICLE{2016MNRAS.460.1390R,
   author = {{Ruchayskiy}, O. and {Boyarsky}, A. and {Iakubovskyi}, D. and 
	{Bulbul}, E. and {Eckert}, D. and {Franse}, J. and {Malyshev}, D. and 
	{Markevitch}, M. and {Neronov}, A.},
    title = "{Searching for decaying dark matter in deep XMM-Newton observation of the Draco dwarf spheroidal}",
  journal = {\mnras},
archivePrefix = "arXiv",
   eprint = {1512.07217},
 primaryClass = "astro-ph.HE",
 keywords = {line: identification, galaxies: dwarf, dark matter, X-rays: general},
     year = 2016,
    month = aug,
   volume = 460,
    pages = {1390-1398},
      doi = {10.1093/mnras/stw1026},
   adsurl = {http://adsabs.harvard.edu/abs/2016MNRAS.460.1390R},
  adsnote = {Provided by the SAO/NASA Astrophysics Data System}
}




@ARTICLE{2016PhRvD..93f3518N,
   author = {{Neronov}, A. and {Malyshev}, D.},
    title = "{Toward a full test of the {$\nu$} MSM sterile neutrino dark matter model with Athena}",
  journal = {\prd},
archivePrefix = "arXiv",
   eprint = {1509.02758},
 primaryClass = "astro-ph.HE",
     year = 2016,
    month = mar,
   volume = 93,
   number = 6,
      eid = {063518},
    pages = {063518},
      doi = {10.1103/PhysRevD.93.063518},
   adsurl = {http://adsabs.harvard.edu/abs/2016PhRvD..93f3518N},
  adsnote = {Provided by the SAO/NASA Astrophysics Data System}
}
@ARTICLE{2016MNRAS.463.3074M,
   author = {{Malyshev}, D. and {Chernyakova}, M.},
    title = "{Constraints on the spectrum of HESS J0632+057 from Fermi-LAT data}",
  journal = {\mnras},
 keywords = {gamma-rays: general},
     year = 2016,
    month = dec,
   volume = 463,
    pages = {3074-3077},
      doi = {10.1093/mnras/stw2173},
   adsurl = {http://adsabs.harvard.edu/abs/2016MNRAS.463.3074M},
  adsnote = {Provided by the SAO/NASA Astrophysics Data System}
}


@ARTICLE{2016arXiv160207601N,
   author = {{Neronov}, A. and {Malyshev}, D. and {Walter}, R.},
    title = "{Hard X-ray view of microlensing events in RX J1131-1231}",
  journal = {ArXiv e-prints},
archivePrefix = "arXiv",
   eprint = {1602.07601},
 primaryClass = "astro-ph.HE",
 keywords = {Astrophysics - High Energy Astrophysical Phenomena},
     year = 2016,
    month = feb,
   adsurl = {http://adsabs.harvard.edu/abs/2016arXiv160207601N},
  adsnote = {Provided by the SAO/NASA Astrophysics Data System}
}


@ARTICLE{2016MNRAS.455.1451Z,
   author = {{Zdziarski}, A.~A. and {Malyshev}, D. and {de O{\~n}a Wilhelmi}, E. and 
	{Pedaletti}, G. and {Yang}, R. and {Chernyakova}, M. and {L{\'o}pez-Caniego}, M. and 
	{Miko{\l}ajewska}, J. and {Basak}, R.},
    title = "{The high-energy gamma-ray detection of G73.9+0.9, a supernova remnant interacting with a molecular cloud}",
  journal = {\mnras},
archivePrefix = "arXiv",
   eprint = {1509.04046},
 primaryClass = "astro-ph.HE",
 keywords = {acceleration of particles, ISM: supernova remnants, gamma-rays: general, gamma-rays: ISM},
     year = 2016,
    month = jan,
   volume = 455,
    pages = {1451-1458},
      doi = {10.1093/mnras/stv2167},
   adsurl = {http://adsabs.harvard.edu/abs/2016MNRAS.455.1451Z},
  adsnote = {Provided by the SAO/NASA Astrophysics Data System}
}



@ARTICLE{2015NatPh..11..664N,
   author = {{Neronov}, A. and {Vovk}, I. and {Malyshev}, D.},
    title = "{Central engine of a gamma-ray blazar resolved through the magnifying glass of gravitational microlensing}",
  journal = {Nature Physics},
     year = 2015,
    month = aug,
   volume = 11,
    pages = {664-667},
      doi = {10.1038/nphys3376},
   adsurl = {http://adsabs.harvard.edu/abs/2015NatPh..11..664N},
  adsnote = {Provided by the SAO/NASA Astrophysics Data System}
}




@ARTICLE{2015MNRAS.454.1358C,
   author = {{Chernyakova}, M. and {Neronov}, A. and {van Soelen}, B. and 
	{Callanan}, P. and {O'Shaughnessy}, L. and {Babyk}, I. and {Tsygankov}, S. and 
	{Vovk}, I. and {Krivonos}, R. and {Tomsick}, J.~A. and {Malyshev}, D. and 
	{Li}, J. and {Wood}, K. and {Torres}, D. and {Zhang}, S. and 
	{Kretschmar}, P. and {McSwain}, M.~V. and {Buckley}, D.~A.~H. and 
	{Koen}, C.},
    title = "{Multi-wavelength observations of the binary system PSR B1259-63/LS 2883 around the 2014 periastron passage}",
  journal = {\mnras},
archivePrefix = "arXiv",
   eprint = {1508.01339},
 primaryClass = "astro-ph.HE",
 keywords = {stars: emission-line, Be, pulsars: individual: PSR B1259-63, gamma rays: stars, X-rays: binaries, X-rays: individual: PSR B1259-63},
     year = 2015,
    month = dec,
   volume = 454,
    pages = {1358-1370},
      doi = {10.1093/mnras/stv1988},
   adsurl = {http://adsabs.harvard.edu/abs/2015MNRAS.454.1358C},
  adsnote = {Provided by the SAO/NASA Astrophysics Data System}
}



@ARTICLE{2015arXiv150507601N,
   author = {{Neronov}, A. and {Malyshev}, D.},
    title = "{Hard spectrum of cosmic rays in the Disks of Milky Way and Large Magellanic Cloud}",
  journal = {ArXiv e-prints},
archivePrefix = "arXiv",
   eprint = {1505.07601},
 primaryClass = "astro-ph.HE",
 keywords = {Astrophysics - High Energy Astrophysical Phenomena},
     year = 2015,
    month = may,
   adsurl = {http://adsabs.harvard.edu/abs/2015arXiv150507601N},
  adsnote = {Provided by the SAO/NASA Astrophysics Data System}
}



@ARTICLE{2015AA...582A..11M,
   author = {{Malyshev}, D. and {Chernyakova}, M. and {Neronov}, A. and {Walter}, R.
	},
    title = "{Leptonic origin of the 100 MeV {$\gamma$}-ray emission from the Galactic centre}",
  journal = {\aap},
archivePrefix = "arXiv",
   eprint = {1503.05120},
 primaryClass = "astro-ph.HE",
 keywords = {Galaxy: center},
     year = 2015,
    month = oct,
   volume = 582,
      eid = {A11},
    pages = {A11},
      doi = {10.1051/0004-6361/201526120},
   adsurl = {http://adsabs.harvard.edu/abs/2015A%26A...582A..11M},
  adsnote = {Provided by the SAO/NASA Astrophysics Data System}
}


@ARTICLE{2014PhRvD..90j3506M,
   author = {{Malyshev}, D. and {Neronov}, A. and {Eckert}, D.},
    title = "{Constraints on 3.55 keV line emission from stacked observations of dwarf spheroidal galaxies}",
  journal = {\prd},
archivePrefix = "arXiv",
   eprint = {1408.3531},
 primaryClass = "astro-ph.HE",
 keywords = {Dark matter, Dwarf galaxies, Dwarf galaxies, gamma-ray},
     year = 2014,
    month = nov,
   volume = 90,
   number = 10,
      eid = {103506},
    pages = {103506},
      doi = {10.1103/PhysRevD.90.103506},
   adsurl = {http://adsabs.harvard.edu/abs/2014PhRvD..90j3506M},
  adsnote = {Provided by the SAO/NASA Astrophysics Data System}
}



@ARTICLE{2014APh....57....1N,
   author = {{Neronov}, A. and {Malyshev}, D. and {Dmytriiev}, A.},
    title = "{Remote sensing of clouds and aerosols with cosmic rays}",
  journal = {Astroparticle Physics},
archivePrefix = "arXiv",
   eprint = {1403.2586},
 primaryClass = "astro-ph.IM",
     year = 2014,
    month = may,
   volume = 57,
    pages = {1-5},
      doi = {10.1016/j.astropartphys.2014.03.005},
   adsurl = {http://adsabs.harvard.edu/abs/2014APh....57....1N},
  adsnote = {Provided by the SAO/NASA Astrophysics Data System}
}


@ARTICLE{2014A&A...562A.145H,
   author = {{H.~E.~S.~S.~Collaboration} and {Abramowski}, A. and {Aharonian}, F. and 
	{Ait Benkhali}, F. and {Akhperjanian}, A.~G. and {Ang{\"u}ner}, E. and 
	{Anton}, G. and {Backes}, M. and {Balenderan}, S. and {Balzer}, A. and et al.},
    title = "{Search for extended {$\gamma$}-ray emission around AGN with H.E.S.S. and Fermi-LAT}",
  journal = {\aap},
archivePrefix = "arXiv",
   eprint = {1401.2915},
 primaryClass = "astro-ph.HE",
 keywords = {gamma rays: galaxies, galaxies: magnetic fields, intergalactic, medium, BL Lacertae objects: individual: PKS 2155-304, BL Lacertae, objects: individual: 1ES 1101-232, BL Lacertae objects: individual: 1ES, 0229+200},
     year = 2014,
    month = feb,
   volume = 562,
      eid = {A145},
    pages = {A145},
      doi = {10.1051/0004-6361/201322510},
   adsurl = {http://adsabs.harvard.edu/abs/2014A%26A...562A.145H},
  adsnote = {Provided by the SAO/NASA Astrophysics Data System}
}

@ARTICLE{2014MNRAS.tmp..175C,
   author = {{Chernyakova}, M. and {Abdo}, A.~A. and {Neronov}, A. and {McSwain}, M.~V. and 
	{Mold{\'o}n}, J. and {Rib{\'o}}, M. and {Paredes}, J.~M. and 
	{Sushch}, I. and {de Naurois}, M. and {Schwanke}, U. and {Uchiyama}, Y. and 
	{Wood}, K. and {Johnston}, S. and {Chaty}, S. and {Coleiro}, A. and 
	{Malyshev}, D. and {Babyk}, I.},
    title = "{Multiwavelength observations of the binary system PSR B1259-63/LS 2883 around the 2010-2011 periastron passage}",
  journal = {\mnras},
archivePrefix = "arXiv",
   eprint = {1401.1386},
 primaryClass = "astro-ph.HE",
 keywords = {stars: emission-line, Be, pulsars: individual: PSR B1259-63, gamma-rays: stars, X-rays: binaries, X-rays: individual: PSR B1259-63},
     year = 2014,
    month = jan,
      doi = {10.1093/mnras/stu021},
   adsurl = {http://adsabs.harvard.edu/abs/2014MNRAS.tmp..175C},
  adsnote = {Provided by the SAO/NASA Astrophysics Data System}
}



@ARTICLE{2013MNRAS.434.2380M,
   author = {{Malyshev}, D. and {Zdziarski}, A.~A. and {Chernyakova}, M.},
    title = "{High-energy gamma-ray emission from Cyg X-1 measured by Fermi and its theoretical implications}",
  journal = {\mnras},
archivePrefix = "arXiv",
   eprint = {1305.5920},
 primaryClass = "astro-ph.HE",
 keywords = {acceleration of particles, accretion, accretion discs, stars: individual: Cyg X-1, gamma-rays: general, gamma-rays: stars, X-rays: binaries},
     year = 2013,
    month = sep,
   volume = 434,
    pages = {2380-2389},
      doi = {10.1093/mnras/stt1184},
   adsurl = {http://adsabs.harvard.edu/abs/2013MNRAS.434.2380M},
  adsnote = {Provided by the SAO/NASA Astrophysics Data System}
}



@ARTICLE{2013PDU.....2...90B,
   author = {{Boyarsky}, A. and {Malyshev}, D. and {Ruchayskiy}, O.},
    title = "{Spectral and spatial variations of the diffuse {$\gamma$}-ray background in the vicinity of the Galactic plane and possible nature of the feature at 130 GeV}",
  journal = {Physics of the Dark Universe},
archivePrefix = "arXiv",
   eprint = {1205.4700},
 primaryClass = "astro-ph.HE",
     year = 2013,
    month = jun,
   volume = 2,
    pages = {90-96},
      doi = {10.1016/j.dark.2013.04.001},
   adsurl = {http://adsabs.harvard.edu/abs/2013PDU.....2...90B},
  adsnote = {Provided by the SAO/NASA Astrophysics Data System}
}




@ARTICLE{han12,
   author = {{Han}, J. and {Frenk}, C.~S. and {Eke}, V.~R. and {Gao}, L. and
	{White}, S.~D.~M. and {Boyarsky}, A. and {Malyshev}, D. and
	{Ruchayskiy}, O.},
    title = "{Constraining extended gamma-ray emission from galaxy clusters}",
  journal = {\mnras},
archivePrefix = "arXiv",
   eprint = {1207.6749},
 primaryClass = "astro-ph.CO",
 keywords = {astroparticle physics, galaxies: clusters: individual: Coma, Virgo, Fornax, Cosmology: observations, dark matter, gamma-rays: galaxies: 
 clusters},
     year = 2012,
    month = dec,
   volume = 427,
    pages = {1651-1665},
      doi = {10.1111/j.1365-2966.2012.22080.x},
   adsurl = {http://adsabs.harvard.edu/abs/2012MNRAS.427.1651H},
  adsnote = {Provided by the SAO/NASA Astrophysics Data System}
}

@ARTICLE{aharonian12,
   author = {{Aharonian}, F. and {Khangulyan}, D. and {Malyshev}, D.},
    title = "{Cold ultrarelativistic pulsar winds as potential sources of galactic gamma-ray lines above 100 GeV}",
  journal = {\aap},
archivePrefix = "arXiv",
   eprint = {1207.0458},
 primaryClass = "astro-ph.HE",
 keywords = {radiation mechanisms: non-thermal, methods: analytical, pulsars: general, gamma rays: diffuse background},
     year = 2012,
    month = nov,
   volume = 547,
      eid = {A114},
    pages = {A114},
      doi = {10.1051/0004-6361/201220092},
   adsurl = {http://adsabs.harvard.edu/abs/2012A%26A...547A.114A},
  adsnote = {Provided by the SAO/NASA Astrophysics Data System}
}

@ARTICLE{neronov12,
   author = {{Neronov}, A. and {Malyshev}, D. and {Chernyakova}, M. and {Lutovinov}, A.
	},
    title = "{Search for variable gamma-ray emission from the Galactic plane in the Fermi data}",
  journal = {\aap},
archivePrefix = "arXiv",
   eprint = {1207.1991},
 primaryClass = "astro-ph.HE",
 keywords = {gamma rays: general, methods: data analysis, surveys},
     year = 2012,
    month = jul,
   volume = 543,
      eid = {L9},
    pages = {L9},
      doi = {10.1051/0004-6361/201219420},
   adsurl = {http://adsabs.harvard.edu/abs/2012A%26A...543L...9N},
  adsnote = {Provided by the SAO/NASA Astrophysics Data System}
}


@ARTICLE{chernyakova12,
   author = {{Chernyakova}, M. and {Neronov}, A. and {Molkov}, S. and {Malyshev}, D. and
	{Lutovinov}, A. and {Pooley}, G.},
    title = "{Superorbital Modulation of X-Ray Emission from Gamma-Ray Binary LSI +61 303}",
  journal = {\apjl},
archivePrefix = "arXiv",
   eprint = {1203.1944},
 primaryClass = "astro-ph.HE",
 keywords = {X-rays: binaries, X-rays: individual: LSI +61 303},
     year = 2012,
    month = mar,
   volume = 747,
      eid = {L29},
    pages = {L29},
      doi = {10.1088/2041-8205/747/2/L29},
   adsurl = {http://adsabs.harvard.edu/abs/2012ApJ...747L..29C},
  adsnote = {Provided by the SAO/NASA Astrophysics Data System}
}


@ARTICLE{boyarsky11,
   author = {{Boyarsky}, A. and {Malyshev}, D. and {Ruchayskiy}, O.},
    title = "{A comment on the emission from the Galactic Center as seen by the Fermi telescope}",
  journal = {Physics Letters B},
archivePrefix = "arXiv",
   eprint = {1012.5839},
 primaryClass = "hep-ph",
     year = 2011,
    month = nov,
   volume = 705,
    pages = {165-169},
      doi = {10.1016/j.physletb.2011.10.014},
   adsurl = {http://adsabs.harvard.edu/abs/2011PhLB..705..165B},
  adsnote = {Provided by the SAO/NASA Astrophysics Data System}
}


@ARTICLE{chernyakova11,
   author = {{Chernyakova}, M. and {Malyshev}, D. and {Aharonian}, F.~A. and
	{Crocker}, R.~M. and {Jones}, D.~I.},
    title = "{The High-energy, Arcminute-scale Galactic Center Gamma-ray Source}",
  journal = {\apj},
archivePrefix = "arXiv",
   eprint = {1009.2630},
 primaryClass = "astro-ph.HE",
 keywords = {cosmic rays, diffusion, Galaxy: center, gamma rays: general},
     year = 2011,
    month = jan,
   volume = 726,
      eid = {60},
    pages = {60},
      doi = {10.1088/0004-637X/726/2/60},
   adsurl = {http://adsabs.harvard.edu/abs/2011ApJ...726...60C},
  adsnote = {Provided by the SAO/NASA Astrophysics Data System}
}

@ARTICLE{malyshev10,
   author = {{Malyshev}, D. and {Gabici}, S. and {O'C.~Drury}, L. and {Aharonian}, F.~A.
	},
    title = "{A simple model for electron plasma heating in supernova remnants}",
  journal = {\aap},
archivePrefix = "arXiv",
   eprint = {1007.0890},
 primaryClass = "astro-ph.HE",
 keywords = {shock waves, ISM: supernova remnants, radiation mechanisms: thermal},
     year = 2010,
    month = oct,
   volume = 521,
      eid = {A14},
    pages = {A14},
      doi = {10.1051/0004-6361/200913841},
   adsurl = {http://adsabs.harvard.edu/abs/2010A%26A...521A..14M},
  adsnote = {Provided by the SAO/NASA Astrophysics Data System}
}


@ARTICLE{boyarsky09,
   author = {{Boyarsky}, A. and {Ruchayskiy}, O. and {Iakubovskyi}, D. and
	{Maccio'}, A.~V. and {Malyshev}, D.},
    title = "{New evidence for dark matter}",
  journal = {ArXiv e-prints},
archivePrefix = "arXiv",
   eprint = {0911.1774},
 primaryClass = "astro-ph.CO",
 keywords = {Astrophysics - Cosmology and Extragalactic Astrophysics, High Energy Physics - Phenomenology, High Energy Physics - Theory},
     year = 2009,
    month = nov,
   adsurl = {http://adsabs.harvard.edu/abs/2009arXiv0911.1774B},
  adsnote = {Provided by the SAO/NASA Astrophysics Data System}
}

@ARTICLE{drury09,
   author = {{O'C.~Drury}, L. and {Aharonian}, F.~A. and {Malyshev}, D. and
	{Gabici}, S.},
    title = "{On the plasma temperature in supernova remnants with cosmic-ray modified shocks}",
  journal = {\aap},
archivePrefix = "arXiv",
   eprint = {0811.3566},
 keywords = {acceleration of particles, shock waves, ISM: supernova remnants},
     year = 2009,
    month = mar,
   volume = 496,
    pages = {1-6},
      doi = {10.1051/0004-6361/200811394},
   adsurl = {http://adsabs.harvard.edu/abs/2009A%26A...496....1D},
  adsnote = {Provided by the SAO/NASA Astrophysics Data System}
}


@ARTICLE{boyarsky08,
   author = {{Boyarsky}, A. and {Malyshev}, D. and {Neronov}, A. and {Ruchayskiy}, O.
	},
    title = "{Constraining dark matter properties with SPI}",
  journal = {\mnras},
archivePrefix = "arXiv",
   eprint = {0710.4922},
 keywords = {methods: data analysis , techniques: spectroscopic , Galaxy: halo , dark matter},
     year = 2008,
    month = jul,
   volume = 387,
    pages = {1345-1360},
      doi = {10.1111/j.1365-2966.2008.13003.x},
   adsurl = {http://adsabs.harvard.edu/abs/2008MNRAS.387.1345B},
  adsnote = {Provided by the SAO/NASA Astrophysics Data System}
}
